
@ARTICLE{kessler15,
   author = {{Kessler}, R. and {Marriner}, J. and {Childress}, M. and {Covarrubias}, R. and 
        {D'Andrea}, C.~B. and {Finley}, D.~A. and {Fischer}, J. and 
        {Foley}, R.~J. and {Goldstein}, D. and {Gupta}, R.~R. and {Kuehn}, K. and 
        {Marcha}, M. and {Nichol}, R.~C. and {Papadopoulos}, A. and 
        {Sako}, M. and {Scolnic}, D. and {Smith}, M. and {Sullivan}, M. and 
        {Wester}, W. and {Yuan}, F. and {Abbott}, T. and {Abdalla}, F.~B. and 
        {Allam}, S. and {Benoit-L{\'e}vy}, A. and {Bernstein}, G.~M. and 
        {Bertin}, E. and {Brooks}, D. and {Carnero Rosell}, A. and {Carrasco Kind}, M. and 
        {Castander}, F.~J. and {Crocce}, M. and {da Costa}, L.~N. and 
        {Desai}, S. and {Diehl}, H.~T. and {Eifler}, T.~F. and {Fausti Neto}, A. and 
        {Flaugher}, B. and {Frieman}, J. and {Gerdes}, D.~W. and {Gruen}, D. and 
        {Gruendl}, R.~A. and {Honscheid}, K. and {James}, D.~J. and 
        {Kuropatkin}, N. and {Li}, T.~S. and {Maia}, M.~A.~G. and {Marshall}, J.~L. and 
        {Martini}, P. and {Miller}, C.~J. and {Miquel}, R. and {Nord}, B. and 
        {Ogando}, R. and {Plazas}, A.~A. and {Reil}, K. and {Romer}, A.~K. and 
        {Roodman}, A. and {Sanchez}, E. and {Sevilla-Noarbe}, I. and 
        {Smith}, R.~C. and {Soares-Santos}, M. and {Sobreira}, F. and 
        {Tarle}, G. and {Thaler}, J. and {Thomas}, R.~C. and {Tucker}, D. and 
        {Walker}, A.~R. and {DES Collaboration}},
    title = "{The Difference Imaging Pipeline for the Transient Search in the Dark Energy Survey}",
  journal = {\aj},
archivePrefix = "arXiv",
   eprint = {1507.05137},
 primaryClass = "astro-ph.IM",
 keywords = {supernovae: general, techniques: image processing},
     year = 2015,
    month = dec,
   volume = 150,
      eid = {172},
    pages = {172},
      doi = {10.1088/0004-6256/150/6/172},
   adsurl = {http://adsabs.harvard.edu/abs/2015AJ....150..172K},
  adsnote = {Provided by the SAO/NASA Astrophysics Data System}
}

@ARTICLE{goldstein15,
   author = {{Goldstein}, D.~A. and {D'Andrea}, C.~B. and {Fischer}, J.~A. and 
        {Foley}, R.~J. and {Gupta}, R.~R. and {Kessler}, R. and {Kim}, A.~G. and 
        {Nichol}, R.~C. and {Nugent}, P.~E. and {Papadopoulos}, A. and 
        {Sako}, M. and {Smith}, M. and {Sullivan}, M. and {Thomas}, R.~C. and 
        {Wester}, W. and {Wolf}, R.~C. and {Abdalla}, F.~B. and {Banerji}, M. and 
        {Benoit-L{\'e}vy}, A. and {Bertin}, E. and {Brooks}, D. and 
        {Carnero Rosell}, A. and {Castander}, F.~J. and {da Costa}, L.~N. and 
        {Covarrubias}, R. and {DePoy}, D.~L. and {Desai}, S. and {Diehl}, H.~T. and 
        {Doel}, P. and {Eifler}, T.~F. and {Fausti Neto}, A. and {Finley}, D.~A. and 
        {Flaugher}, B. and {Fosalba}, P. and {Frieman}, J. and {Gerdes}, D. and 
        {Gruen}, D. and {Gruendl}, R.~A. and {James}, D. and {Kuehn}, K. and 
        {Kuropatkin}, N. and {Lahav}, O. and {Li}, T.~S. and {Maia}, M.~A.~G. and 
        {Makler}, M. and {March}, M. and {Marshall}, J.~L. and {Martini}, P. and 
        {Merritt}, K.~W. and {Miquel}, R. and {Nord}, B. and {Ogando}, R. and 
        {Plazas}, A.~A. and {Romer}, A.~K. and {Roodman}, A. and {Sanchez}, E. and 
        {Scarpine}, V. and {Schubnell}, M. and {Sevilla-Noarbe}, I. and 
        {Smith}, R.~C. and {Soares-Santos}, M. and {Sobreira}, F. and 
        {Suchyta}, E. and {Swanson}, M.~E.~C. and {Tarle}, G. and {Thaler}, J. and 
        {Walker}, A.~R.},
    title = "{Automated Transient Identification in the Dark Energy Survey}",
  journal = {\aj},
archivePrefix = "arXiv",
   eprint = {1504.02936},
 primaryClass = "astro-ph.IM",
 keywords = {methods: data analysis, methods: statistical, supernovae: general},
     year = 2015,
    month = sep,
   volume = 150,
      eid = {82},
    pages = {82},
      doi = {10.1088/0004-6256/150/3/82},
   adsurl = {http://adsabs.harvard.edu/abs/2015AJ....150...82G},
  adsnote = {Provided by the SAO/NASA Astrophysics Data System}
}

